@article{abramowitz1953evaluation,
  title={Evaluation of the integral $\int_{0}^{\infty}e^{-u^2-x/u}du$},
  author={Abramowitz, Milton},
  journal={Journal of Mathematics and Physics},
  volume={32},
  number={1-4},
  pages={188-192},
  year={1953},
  publisher={Wiley Online Library}
}

@book{kogan1969rarefied,
  title={Rarefied Gas Dynamics},
  author={Kogan, Mikhail Naumovich},
  year={1969},
  publisher={Plenum Press}
}

@book{gombosi1994gaskinetic,
  title={Gaskinetic theory},
  author={Gombosi, Tamas I and Gombosi, Atmo},
  number={9},
  year={1994},
  publisher={Cambridge University Press}
}

@book{anderson2011ebook,
  title={EBOOK: Fundamentals of Aerodynamics (SI units)},
  author={Anderson, John},
  year={2011},
  publisher={McGraw hill}
}

@article{aoki1997numerical,
  title={Numerical analysis of a supersonic rarefied gas flow past a flat plate},
  author={Aoki, Kazuo and Kanba, Kohsuke and Takata, Shigeru},
  journal={Physics of Fluids},
  volume={9},
  number={4},
  pages={1144--1161},
  year={1997},
  publisher={American Institute of Physics}
}

@article{fan2001computation,
  title={Computation of rarefied gas flows around a NACA 0012 airfoil},
  author={Fan, Jing and Boyd, Iain D and Cai, Chun-Pei and Hennighausen, Konstantinos and Candler, Graham V},
  journal={AIAA journal},
  volume={39},
  number={4},
  pages={618--625},
  year={2001}
}

@article{cai2015near,
  title={Near continuum boundary layer flows at a flat plate},
  author={Cai, Chunpei},
  journal={Theoretical and Applied Mechanics Letters},
  volume={5},
  number={3},
  pages={134--139},
  year={2015},
  publisher={Elsevier}
}

@article{cai2016comprehensive,
  title={Comprehensive investigations of high Knudsen number planar jet impingement on an inclined flat plate},
  author={Cai, C and He, X},
  journal={Phys. Fluids, May},
  year={2016}
}

@inproceedings{hu2012hypersonic,
  title={Hypersonic aerodynamics of a flat plate: Bridging formula and wall temperature effects},
  author={Hu, Yuan and Chen, Song and Sun, Quanhua},
  booktitle={AIP Conference Proceedings},
  volume={1501},
  number={1},
  pages={1493--1499},
  year={2012},
  organization={American Institute of Physics}
}

@article{shoja2014investigation,
  title={Investigation of aerodynamic characteristics of rarefied flow around NACA 0012 airfoil using DSMC and NS solvers},
  author={Shoja-Sani, Ahmad and Roohi, Ehsan and Kahrom, Mohsen and Stefanov, Stefan},
  journal={European Journal of Mechanics-B/Fluids},
  volume={48},
  pages={59--74},
  year={2014},
  publisher={Elsevier}
}

@phdthesis{liu2021aerodynamic,
  title={Aerodynamic characteristics of flat plate airfoil at low Reynolds numbers},
  author={Liu, Hansong and others},
  year={2021},
  school={Johns Hopkins University}
}

@article{hossainexperimental,
  title={Experimental Study on Aerodynamic Characteristics of Basic Airfoils at Low Reynolds Number},
  author={Hossain, Md Amzad and Mashud, Mohammad and Sultana, Sharmin}
}

@article{aoki2001rarefied,
  title={A rarefied gas flow caused by a discontinuous wall temperature},
  author={Aoki, Kazuo and Takata, Shigeru and Aikawa, Hidefumi and Golse, Fran{\c{c}}ois},
  journal={Physics of fluids},
  volume={13},
  number={9},
  pages={2645--2661},
  year={2001},
  publisher={American Institute of Physics}
}

@article{abramov2020rarefied,
  title={Rarefied gas flow past a flat plate at zero angle of attack},
  author={Abramov, AA and Butkovskii, AV and Buzykin, OG},
  journal={Physics of Fluids},
  volume={32},
  number={8},
  pages={087108},
  year={2020},
  publisher={AIP Publishing LLC}
}

@article{manela2021propagation,
  title={Propagation of two-dimensional vibroacoustic disturbances in a rarefied gas},
  author={Manela, A and Ben-Ami, Y},
  journal={Physical Review Fluids},
  volume={6},
  number={9},
  pages={093401},
  year={2021},
  publisher={APS}
}

@article{ben2018nonlinear,
  title={Nonlinear thermal effects in unsteady shear flows of a rarefied gas},
  author={Ben-Ami, Yaron and Manela, Avshalom},
  journal={Physical Review E},
  volume={98},
  number={3},
  pages={033121},
  year={2018},
  publisher={APS}
}

@article{ben2021acoustic,
  title={Acoustic levitation of a rigid nano-sphere at non-continuum conditions},
  author={Ben-Ami, Y and Manela, A},
  journal={Journal of Fluid Mechanics},
  volume={916},
  pages={A24},
  year={2021},
  publisher={Cambridge University Press}
}

@article{ami2017acoustic,
  title={Acoustic field of a pulsating cylinder in a rarefied gas: Thermoviscous and curvature effects},
  author={Ami, Y Ben and Manela, A},
  journal={Physical Review Fluids},
  volume={2},
  number={9},
  pages={093401},
  year={2017},
  publisher={APS}
}

@article{manela2007motion,
  title={On the motion induced in a gas confined in a small-scale gap due to instantaneous boundary heating},
  author={Manela, A and Hadjiconstantinou, NG},
  journal={Journal of Fluid Mechanics},
  volume={593},
  pages={453--462},
  year={2007},
  publisher={Cambridge University Press}
}

@article{manela2020free,
  title={Free-molecular and near-free-molecular gas flows over backward facing steps},
  author={Manela, A and Gibelli, L},
  journal={Journal of Fluid Mechanics},
  volume={889},
  pages={A22},
  year={2020},
  publisher={Cambridge University Press}
}

@article{sazhin2023rarefied,
  title={Rarefied gas flow into vacuum through linearly diverging and converging channels},
  author={Sazhin, Oleg and Sazhin, Artem},
  journal={International Journal of Heat and Mass Transfer},
  volume={203},
  pages={123842},
  year={2023},
  publisher={Elsevier}
}

@article{jha2023heat,
  title={Heat transfer characteristics of mildly rarefied gaseous flows in the slip regime},
  author={Jha, Ambuj Amitab and Agrawal, Amit},
  journal={International Journal of Thermal Sciences},
  volume={184},
  pages={107882},
  year={2023},
  publisher={Elsevier}
}

@book{karniadakis2006microflows,
  title={Microflows and nanoflows: fundamentals and simulation},
  author={Karniadakis, George and Beskok, Ali and Aluru, Narayan},
  volume={29},
  year={2006},
  publisher={Springer Science \& Business Media}
}

@book{kirby2010micro,
  title={Micro-and nanoscale fluid mechanics: transport in microfluidic devices},
  author={Kirby, Brian J},
  year={2010},
  publisher={Cambridge university press}
}

@book{chakraborty2012microfluidics,
  title={Microfluidics and microscale transport processes},
  author={Chakraborty, Suman},
  year={2012},
  publisher={CRC Press}
}

@book{berthier2010microfluidics,
  title={Microfluidics for biotechnology},
  author={Berthier, Jean and Silberzan, Pascal},
  year={2010},
  publisher={Artech House}
}